@article{Ouzar2024,
    author = {Ouzar Y., Ajmi F., Ben Othman S. et al.},
    title = {Interpretable One-Class Classification Framework for Prescription Error Detection Using BERT Embeddings and Dimensionality Reduction},
    journal = {International Journal of Medical Informatics},
    year = {2024}
}

@article{BenOthman2023,
  author = {Ben Othman S., Decaudin B., Odou P. et al. },
  journal = {},
  title = {"Artificial Intelligence to Analyze and Limit Drug-Related
Problems in Hospitals},
  volume = {310},
  year = {2023}
}
@article{Unknown2022,
  author = {Unknown},
  title = {A Clinical Support System Analyzing Drug Prescriptions Based on AI, in Order to
Limit Drug Iatrogeny in Hospitals},
  year = {2022}
}


@article{Jairi2024,
  author = {Idriss Jairi and Sarah Ben-Othman and Ludivine Canivet and Hayfa Zgaya-Biau},
  title = {Explainable Based Approach for the Air Quality Classification on the Granular Computing Rule Extraction Technique},
  journal = {Engineering Applications of Artificial Intelligence},
  volume = {133},
  pages = {108096},
  year = {2024},
  doi = {10.1016/j.engappai.2024.108096},
  note = {ffhal-04469637v2f}
}
